@article{RN2391,
   author = {Broman, Karl W. and Woo, Kara H.},
   title = {Data Organization in Spreadsheets},
   journal = {The American Statistician},
   volume = {72},
   number = {1},
   pages = {2-10},
   ISSN = {0003-1305},
   DOI = {10.1080/00031305.2017.1375989},
   url = {https://doi.org/10.1080/00031305.2017.1375989
https://www.tandfonline.com/doi/pdf/10.1080/00031305.2017.1375989?needAccess=true},
   year = {2018},
   type = {Journal Article}
}

@article{RN1953,
   author = {Ioannidis, John P. A.},
   title = {Why Most Published Research Findings Are False},
   journal = {PLOS Medicine},
   volume = {2},
   number = {8},
   pages = {e124},
   DOI = {10.1371/journal.pmed.0020124},
   url = {https://doi.org/10.1371/journal.pmed.0020124
https://www.ncbi.nlm.nih.gov/pmc/articles/PMC1182327/pdf/pmed.0020124.pdf},
   year = {2005},
   type = {Journal Article}
}

@article{RN1955,
   author = {Leek, J. T. and Peng, R. D.},
   title = {Statistics: P values are just the tip of the iceberg},
   journal = {Nature},
   volume = {520},
   number = {7549},
   pages = {612},
   ISSN = {0028-0836},
   DOI = {10.1038/520612a},
   url = {http://www.nature.com:80/polopoly_fs/1.17412!/menu/main/topColumns/topLeftColumn/pdf/520612a.pdf},
   year = {2015},
   type = {Journal Article}
}

@article{RN1492,
   author = {Peng, R. D. and Dominici, F. and Zeger, S. L.},
   title = {Reproducible epidemiologic research},
   journal = {Am J Epidemiol},
   volume = {163},
   number = {9},
   pages = {783-9},
   ISSN = {0002-9262 (Print)
0002-9262 (Linking)},
   DOI = {10.1093/aje/kwj093},
   url = {http://www.ncbi.nlm.nih.gov/pubmed/16510544},
   year = {2006},
   type = {Journal Article}
}

@book{RN2902,
   author = {Spiegelhalter, D. J.},
   title = {The art of statistics : how to learn from data},
   publisher = {Basic Books},
   address = {New York},
   edition = {First US edition.},
   pages = {xvi, 426 pages},
   ISBN = {9781541618510
1541618513},
   year = {2019},
   type = {Book}
}

@article{RN2928,
   author = {Stephen, G. Powell and Kenneth, R. Baker and Barry, Lawson},
   title = {Errors in Operational Spreadsheets},
   journal = {Journal of Organizational and End User Computing (JOEUC)},
   volume = {21},
   number = {3},
   pages = {24-36},
   ISSN = {1546-2234},
   DOI = {10.4018/joeuc.2009070102},
   url = {https://services.igi-global.com/resolvedoi/resolve.aspx?doi=10.4018/joeuc.2009070102},
   year = {2009},
   type = {Journal Article}
}

@article{RN2927,
   author = {Ziemann, Mark and Eren, Yotam and El-Osta, Assam},
   title = {Gene name errors are widespread in the scientific literature},
   journal = {Genome Biology},
   volume = {17},
   number = {1},
   pages = {177},
   ISSN = {1474-760X},
   DOI = {10.1186/s13059-016-1044-7},
   url = {https://www.ncbi.nlm.nih.gov/pmc/articles/PMC4994289/pdf/13059_2016_Article_1044.pdf},
   year = {2016},
   type = {Journal Article}
}

@article{RN1956,
   author = {Wickham, Hadley},
   title = {Tidy Data},
   journal = {Journal of Statistical Software; Vol 1, Issue 10 (2014)},
   url = {https://www.jstatsoft.org/v059/i10},
   year = {2014},
   type = {Journal Article}
}

